<record><leader>00000cas a22000007a 4500</leader><controlfield tag="001">20806687</controlfield><controlfield tag="008">891220d18781903aruwr ne      0    0eng d</controlfield><datafield ind1=" " ind2=" " tag="010"><subfield code="a">sn 89051456 </subfield></datafield><datafield ind1=" " ind2=" " tag="040"><subfield code="a">ANU</subfield><subfield code="b">eng</subfield><subfield code="c">ANU</subfield><subfield code="d">OCLCQ</subfield></datafield><datafield ind1=" " ind2=" " tag="042"><subfield code="a">msc</subfield></datafield><datafield ind1="0" ind2=" " tag="130"><subfield code="a">Arkansas Democrat (Little Rock, Ark. : Weekly : 1878)</subfield></datafield><datafield ind1="1" ind2="0" tag="245"><subfield code="a">Arkansas Democrat.</subfield></datafield><datafield ind1="3" ind2="0" tag="246"><subfield code="a">Weekly Arkansas Democrat</subfield></datafield><datafield ind1="3" ind2="0" tag="246"><subfield code="a">Arkansas weekly Democrat</subfield></datafield><datafield ind1=" " ind2=" " tag="260"><subfield code="a">Little Rock, Ark. :</subfield><subfield code="b">W.D. Blocher, James Mitchell</subfield></datafield><datafield ind1=" " ind2=" " tag="300"><subfield code="a">v.</subfield></datafield><datafield ind1=" " ind2=" " tag="310"><subfield code="a">Weekly,</subfield><subfield code="b">Feb. 8-Sept. 29, 1903</subfield></datafield><datafield ind1=" " ind2=" " tag="321"><subfield code="a">Weekly,</subfield><subfield code="b">&lt;Oct. 10, 1878-June 29, 1892&gt;</subfield></datafield><datafield ind1=" " ind2=" " tag="321"><subfield code="a">Semiweekly,</subfield><subfield code="b">&lt;Jan. 3, 1898&gt;-Feb. 7, 1903</subfield></datafield><datafield ind1="1" ind2=" " tag="362"><subfield code="a">Began in 1878? Ceased in 1903?</subfield></datafield><datafield ind1=" " ind2=" " tag="500"><subfield code="a">"Weekly" appears above masthead ornament.</subfield></datafield><datafield ind1=" " ind2=" " tag="588"><subfield code="a">Description based on: Vol. 4, no. 16 (Oct. 10, 1878).</subfield></datafield><datafield ind1=" " ind2="4" tag="651"><subfield code="a">Little Rock (Ark.)</subfield><subfield code="v">Newspapers.</subfield></datafield><datafield ind1=" " ind2=" " tag="752"><subfield code="a">United States</subfield><subfield code="b">Arkansas</subfield><subfield code="c">Pulaski</subfield><subfield code="d">Little Rock.</subfield></datafield><datafield ind1="0" ind2=" " tag="775"><subfield code="t">Arkansas Democrat (Little Rock, Ark. : Daily)</subfield><subfield code="w">(DLC)sn 82015489</subfield></datafield><datafield ind1="1" ind2=" " tag="029"><subfield code="a">AU@</subfield><subfield code="b">000020585169</subfield></datafield></record>